@book{fetter1971quantum,
  title={Quantum Theory of Many-particle Systems},
  author={Fetter, A.L. and Walecka, J.D.},
  isbn={9780070206533},
  lccn={70122271},
  series={International series in pure and applied physics},
  url={https://books.google.es/books?id=tofKnQEACAAJ},
  year={1971},
  publisher={McGraw-Hill}
}
@unpublished{luis2025qft,
  author = {Luis, Lucas García},
  note = {Prácticas externas con el profesor Pedro Pargueño},
  title = {Prácticas académicas externas - Teoría cuántica de campos},
  year = {2025}
}
@unpublished{luis2024avq,
  author = {Luis, Lucas García},
  title = {Segunda cuantización - Resumen del primer
  capítulo de Advanced Quantum Mechanics de
  Franz Schwabl},
  note = {Enviado al profesor Guillermo Chiappe},
  year = {2024}}
@article{GreeneDiniz2024,
  title={Quantum Computed Green's Functions using a Cumulant Expansion of the Lanczos Method},
  volume={8},
  ISSN={2521-327X},
  url={http://dx.doi.org/10.22331/q-2024-06-20-1383},
  DOI={10.22331/q-2024-06-20-1383},
  journal={Quantum},
  publisher={Verein zur Forderung des Open Access Publizierens in den Quantenwissenschaften},
  author={Greene-Diniz, Gabriel and Manrique, David Zsolt and Yamamoto, Kentaro and Plekhanov, Evgeny and Fitzpatrick, Nathan and Krompiec, Michal and Sakuma, Rei and Ramo, David Muñoz},
  year={2024},
  month={Jun},
  pages={1383}
}
@article{RevModPhys.66.763,
  title = {Correlated electrons in high-temperature superconductors},
  author = {Dagotto, Elbio},
  journal = {Rev. Mod. Phys.},
  volume = {66},
  issue = {3},
  pages = {763--840},
  numpages = {0},
  year = {1994},
  month = {Jul},
  publisher = {American Physical Society},
  doi = {10.1103/RevModPhys.66.763},
  url = {https://link.aps.org/doi/10.1103/RevModPhys.66.763}
}
@unpublished{LuisLanczos,
  author = {Luis, Lucas García},
  note = {Entregado al profesor Guillermo Chiappe en 2024},
  title = {Algoritmo de Lanczos},
  year = {2024}
}