@unpublished{LuisAVQ ,
author = {Luis, Lucas García},
title = {Segunda cuantización - Resumen del primer
capítulo de Advanced Quantum Mechanics de
Franz Schwabl},
note = {Enviado al profesor Guillermo Chiappe},
year = {2024}}
@book{AshcroftSSP,
  title={Solid State Physics},
  author={Ashcroft, N.W. and Mermin, N.D.},
  isbn={9780030493461},
  lccn={lc74009772},
  series={HRW international editions},
  url={https://books.google.es/books?id=FRZRAAAAMAAJ},
  year={1976},
  publisher={Holt, Rinehart and Winston}
}
@book{simon2013oxford,
  title={The Oxford Solid State Basics},
  author={Simon, S.H.},
  isbn={9780199680764},
  lccn={2013936358},
  url={https://books.google.es/books?id=QI8jLeTOBAsC},
  year={2013},
  publisher={OUP Oxford}
}
@misc{apuntes,
  author        = {Carlos, Untiedt Leucona},
  title         = {Apuntes de física del estado sólido},
  month         = {Septiembre},
  year          = {2024},
  publisher={Universidad de Alicante}
}
@misc{apuntesQM2,
  author        = {Cristian Diego, Denton Zanello},
  title         = {Apuntes de mecánica cuántica II},
  month         = {Septiembre},
  year          = {2023},
  publisher={Universidad de Alicante}
}
@online{SolidStateCourse,
  title        = {Open Solid State Notes},
  author       = {Anton Akhmerov and Toeno van der Sar},
  year         = 2022,
  url          = {https://solidstate.quantumtinkerer.tudelft.nl},
  urldate      = {2025-01-31}
}
@online{videoTB,
  title        = {06.6 Tight binding theory - Multiple orbitals per site},
  author       = {Mauris, Haverkort},
  year         = 2021,
  url          = {https://www.youtube.com/watch?v=Sfwh_UsfPuY},
  urldate      = {2025-02-05}
}