@book{LibroQuantum,
  title={Advanced quantum mechanics},
  author={Schwabl, Franz and others},
  publisher={Berlin, Heidelberg: Springer Berlin Heidelberg: Imprint: Springer,}
}

@misc{2020Schrodinger,
	note = {[Online; accessed 2024-10-16]},
	year = {2020},
	author = {Andrei Tokmakoff},
	url = {https://chem.libretexts.org/Bookshelves/Physical_and_Theoretical_Chemistry_Textbook_Maps/Time_Dependent_Quantum_Mechanics_and_Spectroscopy_(Tokmakoff)/03%3A__Time-Evolution_Operator/3.05%3A_Schrodinger_and_Heisenberg_Representations},
	month = {dec 12},
	publisher = {University of Chicago},
	title = {Schr{\" o}dinger and {Heisenberg} {Representations}},
}