@book{alma9947259002101,
author = {Fulde, Peter},
address = {Berlin ;},
booktitle = {Electron correlations in molecules and solids},
edition = {3rd ed.},
isbn = {3540593640},
keywords = {Quantum chemistry ; Solid state chemistry},
language = {eng},
lccn = {95018373},
publisher = {Springer-Verlag},
series = {Springer series in solid-state sciences ; 100.},
title = {Electron correlations in molecules and solids },
year = {1995},
}
@book{fetter2003quantum,
  title={Quantum Theory of Many-particle Systems},
  author={Fetter, A.L. and Walecka, J.D.},
  isbn={9780486428277},
  lccn={2003043536},
  series={Dover Books on Physics},
  url={https://books.google.es/books?id=0wekf1s83b0C},
  year={2003},
  publisher={Dover Publications}
}
@book{Sakurai_Napolitano_2020,
  place={Cambridge},
  edition={3},
  title={Modern Quantum Mechanics},
  publisher={Cambridge University Press},
  author={Sakurai, J. J. and Napolitano, Jim},
  year={2020}
}
@book{fetter1971quantum,
  title={Quantum Theory of Many-particle Systems},
  author={Fetter, A.L. and Walecka, J.D.},
  isbn={9780070206533},
  lccn={70122271},
  series={International series in pure and applied physics},
  url={https://books.google.es/books?id=tofKnQEACAAJ},
  year={1971},
  publisher={McGraw-Hill}
}
@article{RevModPhys.66.763,
  title = {Correlated electrons in high-temperature superconductors},
  author = {Dagotto, Elbio},
  journal = {Rev. Mod. Phys.},
  volume = {66},
  issue = {3},
  pages = {763--840},
  numpages = {0},
  year = {1994},
  month = {Jul},
  publisher = {American Physical Society},
  doi = {10.1103/RevModPhys.66.763},
  url = {https://link.aps.org/doi/10.1103/RevModPhys.66.763}
}
@inproceedings{MielkeHubbard,
author = {Mielke, Andreas},
year = {2015},
month = {09},
title = {The Hubbard Model and its Properties}
}
@book{LibroQuantum,
  title={Advanced quantum mechanics},
  author={Schwabl, Franz and others},
  publisher={Berlin, Heidelberg: Springer Berlin Heidelberg: Imprint: Springer,}
}
@book{AshcroftSSP,
  title={Solid State Physics},
  author={Ashcroft, N.W. and Mermin, N.D.},
  isbn={9780030493461},
  lccn={lc74009772},
  series={HRW international editions},
  url={https://books.google.es/books?id=FRZRAAAAMAAJ},
  year={1976},
  publisher={Holt, Rinehart and Winston}
}
@book{simon2013oxford,
  title={The Oxford Solid State Basics},
  author={Simon, S.H.},
  isbn={9780199680764},
  lccn={2013936358},
  url={https://books.google.es/books?id=QI8jLeTOBAsC},
  year={2013},
  publisher={OUP Oxford}
}
@article{GreeneDiniz2024,
  title={Quantum Computed Green's Functions using a Cumulant Expansion of the Lanczos Method},
  volume={8},
  ISSN={2521-327X},
  url={http://dx.doi.org/10.22331/q-2024-06-20-1383},
  DOI={10.22331/q-2024-06-20-1383},
  journal={Quantum},
  publisher={Verein zur Forderung des Open Access Publizierens in den Quantenwissenschaften},
  author={Greene-Diniz, Gabriel and Manrique, David Zsolt and Yamamoto, Kentaro and Plekhanov, Evgeny and Fitzpatrick, Nathan and Krompiec, Michal and Sakuma, Rei and Ramo, David Mu√±oz},
  year={2024},
  month={Jun},
  pages={1383}
}
@misc{2020Schrodinger,
	note = {[Online; accessed 2024-10-16]},
	year = {2020},
	author = {Andrei Tokmakoff},
	url = {https://chem.libretexts.org/Bookshelves/Physical_and_Theoretical_Chemistry_Textbook_Maps/Time_Dependent_Quantum_Mechanics_and_Spectroscopy_(Tokmakoff)/03%3A__Time-Evolution_Operator/3.05%3A_Schrodinger_and_Heisenberg_Representations},
	month = {dec 12},
	publisher = {University of Chicago},
	title = {Schr{\" o}dinger and {Heisenberg} {Representations}},
}
@misc{mironov2025dimerhubbardmodelexact,
      title={Dimer in the Hubbard model. Exact and approximate solutions}, 
      author={Gennadiy Ivanovich Mironov},
      year={2025},
      eprint={2504.19680},
      archivePrefix={arXiv},
      primaryClass={cond-mat.str-el},
      url={https://arxiv.org/abs/2504.19680}, 
}
@proceedings{Russenschuck:503603,
      author="Russenschuck, Stephan and Vandoni, Giovanna",
      title="{CAS - CERN Accelerator School : Superconductivity and Cryogenics for Accelerators and Detectors: Erice, Italy 8 - 17 May 2002. CAS - CERN Accelerator School on Superconductivity and Cryogenics for Accelerators and Detectors}",
      organization="CERN",
      publisher="CERN",
      address="Geneva",
      year="2004",
      url="https://cds.cern.ch/record/503603",
      doi="10.5170/CERN-2004-008",
}