@article{RevModPhys.66.763,
  title = {Correlated electrons in high-temperature superconductors},
  author = {Dagotto, Elbio},
  journal = {Rev. Mod. Phys.},
  volume = {66},
  issue = {3},
  pages = {763--840},
  numpages = {0},
  year = {1994},
  month = {7},
  publisher = {American Physical Society},
  doi = {10.1103/RevModPhys.66.763},
  url = {https://link.aps.org/doi/10.1103/RevModPhys.66.763}
}
@unpublished{TBSQ,
  author = {Lucas García, Luis},
  note = {Entregado al profesor Guillermo Chiappe},
  title = {Modelo de tight-binding en segunda cuantización y en una dimensión},
  year = {2025}
}
